
@article{cabral2015petri,
  title= "Petri net diagnoser for discrete event systems modeled by finite state automata",
  author= "Cabral, Felipe Gomes and Moreira, Marcos Vicente and Diene, Oumar and Basilio, Jo{\~a}o Carlos",
  journal= "IEEE Transactions on Automatic Control",
  volume=60,
  number=1,
  pages= {59--71},
  year=2015,
  publisher="IEE"
}

@article{moreira2016polynomial,
  title= {“Polynomial Time Verification of Decentralized Diagnosability of Discrete Event Systems” Versus “Decentralized Failure Diagnosis of Discrete Event Systems: A Critical Appraisal},
  author= "Moreira, Marcos V and Basilio, Joao C and Cabral, Felipe G",
  journal= "IEEE Transactions on Automatic Control",
  volume="61",
  number={1},
  pages={178--181},
  year={2016},
  publisher={IEEE}
}