% Artigos

@article{cabral2015petri,
  title= "Petri Net Diagnoser for Discrete Event Systems Modeled by Finite State Automata",
  author= "Cabral, Felipe Gomes and Moreira, Marcos Vicente and Diene, Oumar and Basilio, Jo{\~a}o Carlos",
  journal= "IEEE Transactions on Automatic Control",
  volume=60,
  number=1,
  pages= {59--71},
  year=2015,
  publisher="IEEE"
}

@article{cabral2017synchronous,
  title={Synchronous Codiagnosability of Modular Discrete-Event Systems},
  author={Cabral, Felipe G and Moreira, Marcos V},
  journal={IFAC-PapersOnLine},
  volume={50},
  number={1},
  pages={6831--6836},
  year={2017},
  publisher={Elsevier}
}

@inproceedings{cabral2015online,
  title={Online Fault Diagnosis of Modular Discrete-Event Systems},
  author={Cabral, Felipe G and Moreira, Marcos V and Diene, Oumar},
  booktitle={Decision and Control (CDC), 2015 IEEE 54th Annual Conference on},
  pages={4450--4455},
  year={2015},
  organization={IEEE}
}

@article{moreira2016polynomial,
  title= {“Polynomial Time Verification of Decentralized Diagnosability of Discrete Event Systems” Versus “Decentralized Failure Diagnosis of Discrete Event Systems: A Critical Appraisal},
  author= "Moreira, Marcos V and Basilio, Joao C and Cabral, Felipe G",
  journal= "IEEE Transactions on Automatic Control",
  volume="61",
  number={1},
  pages={178--181},
  year={2016},
  publisher={IEEE}
}

@article{kumar2014comments,
  title={Comments on “Polynomial Time Verification of Decentralized Diagnosability of Discrete Event Systems” versus “Decentralized Failure Diagnosis of Discrete Event Systems”: Complexity Clarification},
  author={Kumar, Ratnesh and Takai, Shigemasa},
  journal={IEEE Transactions on Automatic Control},
  volume={59},
  number={5},
  pages={1391--1392},
  year={2014},
  publisher={IEEE}
}

@inproceedings{jourdan2009testing,
  title={On testing 1-safe Petri nets},
  author={Jourdan, {Guy-Vincent} and Bochmann, Gregor v},
  booktitle={2009 Third IEEE International Symposium on Theoretical Aspects of Software Engineering},
  pages={275--281},
  year={2009},
  organization={IEEE}
}

@article{moreira2018enhanced,
  title={Enhanced Discrete Event Model for System Identification with the Aim of Fault Detection},
  author={Moreira, Marcos V and Lesage, Jean-Jacques},
  journal={IFAC-PapersOnLine},
  volume={51},
  number={7},
  pages={160--166},
  year={2018},
  publisher={Elsevier}
}

@article{veras2018distributed,
  title={Distributed Synchronous Diagnosability of Discrete-Event Systems},
  author={Veras, Maria ZM and Cabral, Felipe G and Moreira, Marcos V},
  journal={IFAC-PapersOnLine},
  volume={51},
  number={7},
  pages={88--93},
  year={2018},
  publisher={Elsevier}
}

% Projetos de Graduação

@graduation{rochapereira2019automacao,
  title={Automação de uma Planta Mecatrônica de Montagem e Armazenamento de Cubos Utilizando Comunicação entre Controladores Lógicos Programáveis},
  author={Rocha Pereira, Allan Patrick},
  year={2019},
  school={Universidade Federal do Rio de Janeiro}
}

@graduation{pitanga2019modelo,
  title={Um Modelo Temporizado para a Identificação de Sistemas a Eventos Discretos},
  author={Pitanga Cleto de Souza, Ryan},
  year={2019},
  school={Universidade Federal do Rio de Janeiro}
}

@graduation{antunesfloriano2019sincronizacao,
  title={Sincronização de Sistemas a Eventos Discretos Modelados por Redes de Petri Usando Lugares Comuns},
  author={Antunes Floriano,Lucas},
  year={2019},
  school={Universidade Federal do Rio de Janeiro}
}

@graduation{oliveira2016protocolo,
  title={Protocolo de Comunicação Profinet para Redes de Automação},
  author={Oliveira, Vinicius de Souza Lima},
  year={2016},
  school={Universidade Federal do Rio de Janeiro}
}

@graduation{franca2015projeto,
  title={Projeto de um Sistema Supervisório para uma Planta Mecatrônica de Estocagem de Peças},
  author={Tiago Cardoso França},
  year=2015,
  school={Universidade Federal do Rio de Janeiro}
}

@graduation{lancellotejunior2014automacao,
  title={Automação de uma Planta Mecatrônica Modelada por uma Rede de Petri Interpretada para Controle},
  author={Francisco Paulo {Lancellote Júnior}},
  year=2014,
  school={Universidade Federal do Rio de Janeiro}
}

@graduation{lucio2015diagnostico,
  title={Diagnóstico de Falhas Sincronizado de uma Planta de Manufatura},
  author={Murilo Lobo Lucio},
  year=2015,
  school={Universidade Federal do Rio de Janeiro}
}

% Teses

% Livros

@book{david1989grafcet,
  title={Du Grafcet aux r{\'e}seaux de Petri},
  author={David, Ren{\'e} and Alla, Hassane Lotfi},
  address={},
  year={1989},
  publisher={Hermes}
}

@book{cassandras2009introduction,
  title={Introduction to discrete event systems},
  author={Cassandras, Christos G and Lafortune, Stephane},
  year=2009,
  publisher={Springer Science \& Business Media}
}

% Manuais
@manual{webserverSiemens,
author = {Siemens},
title = {S7-1500 Web server Function Manual},
date = {December, 2017},
language = {English},
organization = {SIEMENS},
url = {https://support.industry.siemens.com/cs/attachments/59193560/s71500_webserver_function_manual_en-US_en-US.pdf?download=true}
}
% https://support.industry.siemens.com/cs/document/86140384/simatic-s7-1500-et-200mp-manual-collection?dti=0&lc=en-WW

@manual{userdefinedwebpagesSiemens,
author = {Siemens},
title = {Creating Userdefined Web Pages on S7-1200 / S7-1500},
date = {December, 2017},
language = {English},
organization = {SIEMENS},
url = {https://support.industry.siemens.com/cs/attachments/59193560/s71500_webserver_function_manual_en-US_en-US.pdf?download=true}
}

@manual{datalogSiemens,
author = {Siemens},
title = {S7-1500 Structure and Use of the CPU Memory},
date = {October, 2018},
language = {English},
organization = {SIEMENS},
url = {https://support.industry.siemens.com/cs/attachments/59193101/s71500_structure_and_use_of_the_PLC_memory_function_manual_en-US_en-US.pdf?download=true}
}
